@article{calvin1991,
  title={Bayesian and frequentist predictive inference for the patterns of care studies},
  author={Calvin, James A and Sedransk, J},
  journal={Journal of the American Statistical Association},
  volume={86},
  number={413},
  pages={36--48},
  year={1991},
  publisher={Taylor \& Francis}
}

@article{claeskens2009,
  title={Goodness-of-fit tests in mixed models},
  author={Claeskens, Gerda and Hart, Jeffrey D},
  journal={Test},
  volume={18},
  number={2},
  pages={213--239},
  year={2009},
  publisher={Springer}
}

@book{Goldstein:2011,
	year = {2011},
	author = {Goldstein, Harvey},
	title = {Multilevel Statistical Models},
	edition = {4th},
	address = {Chichester},
	publisher = {John Wiley \& Sons}}

@article{Haslett:2007vv,
	Author = {Haslett, J and Haslett, S.J.},
	Journal = {International Statistical Review},
	Number = {1},
	Pages = {1--24},
	Title = {The three basic types of residuals for a linear model},
	Volume = {75},
	Year = {2007}}

@article{Houseman:2004gq,
	Author = {Houseman, E Andr{\'e}s and Ryan, Louise M and Coull, Brent A},
	Journal = {Journal of the American Statistical Association},
	Month = jun,
	Number = {466},
	Pages = {383--394},
	Title = {Cholesky Residuals for Assessing Normal Errors in a Linear Model With Correlated Outcomes},
	Volume = {99},
	Year = {2004}}

@article{houseman2006,
  title={A functional-based distribution diagnostic for a linear model with correlated outcomes},
  author={Houseman, E Andr{\'e}s and Coull, Brent A and Ryan, Louise M},
  journal={Biometrika},
  volume={93},
  number={4},
  pages={911--926},
  year={2006},
  publisher={Biometrika Trust}
}

@article{Jiang:2001up,
	author = {Jiang, Jiming},
	title = {Goodness-of-fit tests for mixed model diagnostics},
	journal = {The Annals of Statistics},
	year = {2001},
	volume = {29},
	number = {4},
	pages = {1137--1164}
	}

@article{Jiang:1998vt,
	author = {Jiang, Jiming},
	title = {Asymptotic properties of the empirical {BLUP} and {BLUE} in mixed linear models},
	journal = {Statistica Sinica},
	year = {1998},
	volume = {8},
	pages = {861--886}}

@article{Lange:1989uu,
	Author = {Lange, N and Ryan, L},
	Journal = {The Annals of Statistics},
	Number = {2},
	Pages = {624--642},
	Title = {Assessing normality in random effects models},
	Volume = {17},
	Year = {1989}}

@article{Nobre:2007ej,
	Author = {Nobre, Juvencio Santos and Singer, Julio da Motta},
	Journal = {Biometrical Journal},
	Number = {6},
	Pages = {863--875},
	Title = {Residual analysis for linear mixed models},
	Volume = {49},
	Year = {2007}}

@book{Pinhiero:2000vf,
	Address = {New York},
	Author = {Jose C Pinheiro and Douglas M Bates},
	Publisher = {Springer-Verlag},
	Title = {Mixed-Effects Models in S and S-PLUS},
	Year = {2000}}

@article{Verbeke:1996va,
	author = {Verbeke, Geert and Lesaffre, Emmanuel},
	title = {A linear mixed-effects model with heterogeneity in the random-effects population},
	journal = {Journal of the American Statistical Association},
	year = {1996},
	volume = {91},
	number = {433},
	pages = {217--221}}
	
@article{Verbeke:2013hp,
    author = {Verbeke, G and Molenberghs, G},
    title = {The gradient function as an exploratory goodness-of-fit assessment of the random-effects distribution in mixed models},
    journal = {Biostatistics},
    year = {2013},
    volume = {14},
    number = {3},
    pages = {477--490},
    month = jun}

